@Article{Skands:2003cj,
     author    = "Skands, P. and others",
     title     = "{SUSY Les Houches accord: Interfacing SUSY spectrum
                  calculators, decay  packages, and event generators}",
     journal   = "JHEP",
     volume    = "07",
     year      = "2004",
     pages     = "036",
     eprint    = "hep-ph/0311123",
     archivePrefix = "arXiv",
     SLACcitation  = "%%CITATION = HEP-PH/0311123;%%"
}
